[gd_scene load_steps=20 format=2]

[ext_resource path="res://Scenes/Background.tscn" type="PackedScene" id=1]
[ext_resource path="res://Assets/Fonts/bangers-regular-120.tres" type="DynamicFont" id=2]
[ext_resource path="res://Assets/Fonts/select.tres" type="DynamicFont" id=3]
[ext_resource path="res://Scenes/Grounds/TileMap/LongGround.tscn" type="PackedScene" id=4]
[ext_resource path="res://Assets/Fonts/button.tres" type="DynamicFont" id=5]
[ext_resource path="res://Assets/Buttons/Normal.tres" type="StyleBox" id=6]
[ext_resource path="res://Assets/Fonts/subbutton.tres" type="DynamicFont" id=7]
[ext_resource path="res://Sprite/Player.tscn" type="PackedScene" id=8]
[ext_resource path="res://Scripts/MainMenu.gd" type="Script" id=9]
[ext_resource path="res://Scenes/Attrib/ButtonDummy.tscn" type="PackedScene" id=10]
[ext_resource path="res://Scenes/Attrib/ArrowDummy.tscn" type="PackedScene" id=11]

[sub_resource type="StyleBoxFlat" id=1]
bg_color = Color( 0, 0, 0, 0 )

[sub_resource type="StyleBoxFlat" id=2]
bg_color = Color( 0, 0, 0, 0 )

[sub_resource type="StyleBoxFlat" id=3]
bg_color = Color( 0, 0, 0, 0 )

[sub_resource type="StyleBoxFlat" id=4]
bg_color = Color( 0, 0, 0, 0 )

[sub_resource type="StyleBoxFlat" id=5]
bg_color = Color( 0.909804, 0.678431, 0.309804, 1 )
corner_radius_top_left = 20
corner_radius_top_right = 20
corner_radius_bottom_right = 20
corner_radius_bottom_left = 20
shadow_color = Color( 0.631373, 0.466667, 0.301961, 1 )
shadow_size = 3

[sub_resource type="StyleBoxFlat" id=6]
bg_color = Color( 0.529412, 0.392157, 0.254902, 1 )
corner_radius_top_left = 20
corner_radius_top_right = 20
corner_radius_bottom_right = 20
corner_radius_bottom_left = 20

[sub_resource type="StyleBoxEmpty" id=7]

[sub_resource type="StyleBoxFlat" id=8]
bg_color = Color( 0.913725, 0.666667, 0.270588, 1 )
corner_radius_top_left = 20
corner_radius_top_right = 20
corner_radius_bottom_right = 20
corner_radius_bottom_left = 20

[node name="Node2D" type="Control"]
script = ExtResource( 9 )
__meta__ = {
"_edit_use_anchors_": false
}

[node name="ParallaxBackground" parent="." instance=ExtResource( 1 )]

[node name="CenterContainer" type="CenterContainer" parent="."]
margin_top = 23.0
margin_right = 1024.0
margin_bottom = 151.0
__meta__ = {
"_edit_use_anchors_": false
}

[node name="Title" type="Label" parent="CenterContainer"]
margin_left = 295.0
margin_right = 728.0
margin_bottom = 128.0
custom_fonts/font = ExtResource( 2 )
text = "Lari Lari"
align = 1
__meta__ = {
"_edit_use_anchors_": false
}

[node name="Mode" type="Label" parent="."]
margin_top = 170.76
margin_right = 1024.0
margin_bottom = 214.76
custom_fonts/font = ExtResource( 3 )
custom_colors/font_color = Color( 0.521569, 0.521569, 0.521569, 1 )
text = "ENDLESS MODE"
align = 1
__meta__ = {
"_edit_use_anchors_": false
}

[node name="Kanan" parent="." instance=ExtResource( 11 )]

[node name="Kiri" type="Button" parent="."]
margin_left = 391.711
margin_top = 170.154
margin_right = 413.711
margin_bottom = 203.154
custom_styles/hover = SubResource( 1 )
custom_styles/pressed = SubResource( 2 )
custom_styles/focus = SubResource( 3 )
custom_styles/normal = SubResource( 4 )
custom_fonts/font = ExtResource( 3 )
custom_colors/font_color = Color( 0.521569, 0.521569, 0.521569, 1 )
custom_colors/font_color_hover = Color( 0.707031, 0.704042, 0.704042, 1 )
custom_colors/font_color_pressed = Color( 0.425781, 0.424881, 0.424881, 1 )
text = "<"
__meta__ = {
"_edit_use_anchors_": false
}

[node name="Node2D" parent="." instance=ExtResource( 4 )]
position = Vector2( -36.1524, 515.783 )

[node name="StartButton" type="Button" parent="."]
margin_left = 403.647
margin_top = 232.31
margin_right = 618.647
margin_bottom = 288.31
custom_styles/hover = SubResource( 5 )
custom_styles/pressed = SubResource( 6 )
custom_styles/focus = SubResource( 7 )
custom_styles/normal = ExtResource( 6 )
custom_fonts/font = ExtResource( 5 )
custom_colors/font_color = Color( 1, 1, 1, 1 )
text = " start game "
__meta__ = {
"_edit_use_anchors_": false
}

[node name="LeaderboardButton" parent="." instance=ExtResource( 10 )]

[node name="HowToPlay" type="Button" parent="."]
margin_left = 410.698
margin_top = 376.977
margin_right = 613.698
margin_bottom = 418.977
custom_styles/hover = SubResource( 5 )
custom_styles/pressed = SubResource( 6 )
custom_styles/focus = SubResource( 7 )
custom_styles/normal = SubResource( 8 )
custom_fonts/font = ExtResource( 7 )
custom_colors/font_color = Color( 1, 1, 1, 1 )
text = "How to play"
__meta__ = {
"_edit_use_anchors_": false
}

[node name="ExitButton" type="Button" parent="."]
margin_left = 413.487
margin_top = 436.658
margin_right = 616.487
margin_bottom = 478.658
custom_styles/hover = SubResource( 5 )
custom_styles/pressed = SubResource( 6 )
custom_styles/focus = SubResource( 7 )
custom_styles/normal = SubResource( 8 )
custom_fonts/font = ExtResource( 7 )
custom_colors/font_color = Color( 1, 1, 1, 1 )
text = "EXIT"
__meta__ = {
"_edit_use_anchors_": false
}

[node name="AnimatedSprite" parent="." instance=ExtResource( 8 )]
position = Vector2( 193.013, 337.72 )
animation = "Idle"
frame = 6
script = null
[connection signal="pressed" from="Kanan" to="." method="_on_ModeKanan_pressed"]
[connection signal="pressed" from="Kiri" to="." method="_on_ModeKiri_pressed"]
[connection signal="pressed" from="StartButton" to="." method="_on_StartButton_pressed"]
[connection signal="pressed" from="LeaderboardButton" to="." method="_on_LeaderboardButton_pressed"]
[connection signal="pressed" from="HowToPlay" to="." method="_on_HowToPlay_pressed"]
[connection signal="pressed" from="ExitButton" to="." method="_on_ExitButton_pressed"]
