[gd_scene load_steps=42 format=2]

[ext_resource path="res://Sprite/Player/Slide/Slide__000.png" type="Texture" id=1]
[ext_resource path="res://Sprite/Player/Idle/Idle__005.png" type="Texture" id=2]
[ext_resource path="res://Sprite/Player/Idle/Idle__007.png" type="Texture" id=3]
[ext_resource path="res://Sprite/Player/Idle/Idle__000.png" type="Texture" id=4]
[ext_resource path="res://Sprite/Player/Run/Run__008.png" type="Texture" id=5]
[ext_resource path="res://Sprite/Player/Run/Run__000.png" type="Texture" id=6]
[ext_resource path="res://Sprite/Player/Run/Run__009.png" type="Texture" id=7]
[ext_resource path="res://Sprite/Player/Run/Run__005.png" type="Texture" id=8]
[ext_resource path="res://Sprite/Player/Run/Run__006.png" type="Texture" id=9]
[ext_resource path="res://Sprite/Player/Run/Run__001.png" type="Texture" id=10]
[ext_resource path="res://Sprite/Player/Run/Run__004.png" type="Texture" id=11]
[ext_resource path="res://Sprite/Player/Slide/Slide__007.png" type="Texture" id=12]
[ext_resource path="res://Sprite/Player/Jump/Jump__006.png" type="Texture" id=13]
[ext_resource path="res://Sprite/Player/Jump/Jump__004.png" type="Texture" id=14]
[ext_resource path="res://Sprite/Player/Jump/Jump__008.png" type="Texture" id=15]
[ext_resource path="res://Sprite/Player/Idle/Idle__001.png" type="Texture" id=16]
[ext_resource path="res://Sprite/Player/Jump/Jump__005.png" type="Texture" id=17]
[ext_resource path="res://Sprite/Player/Jump/Jump__009.png" type="Texture" id=18]
[ext_resource path="res://Sprite/Player/Jump/Jump__007.png" type="Texture" id=19]
[ext_resource path="res://Sprite/Player/Jump/Jump__001.png" type="Texture" id=20]
[ext_resource path="res://Sprite/Player/Slide/Slide__004.png" type="Texture" id=21]
[ext_resource path="res://Sprite/Player/Slide/Slide__001.png" type="Texture" id=22]
[ext_resource path="res://Sprite/Player/Slide/Slide__008.png" type="Texture" id=23]
[ext_resource path="res://Sprite/Player/Run/Run__002.png" type="Texture" id=24]
[ext_resource path="res://Sprite/Player/Idle/Idle__008.png" type="Texture" id=25]
[ext_resource path="res://Sprite/Player/Idle/Idle__002.png" type="Texture" id=26]
[ext_resource path="res://Sprite/Player/Idle/Idle__009.png" type="Texture" id=27]
[ext_resource path="res://Sprite/Player/Run/Run__007.png" type="Texture" id=28]
[ext_resource path="res://Sprite/Player/Run/Run__003.png" type="Texture" id=29]
[ext_resource path="res://Sprite/Player/Slide/Slide__003.png" type="Texture" id=30]
[ext_resource path="res://Scripts/AnimatedSprite.gd" type="Script" id=31]
[ext_resource path="res://Sprite/Player/Jump/Jump__002.png" type="Texture" id=32]
[ext_resource path="res://Sprite/Player/Jump/Jump__003.png" type="Texture" id=33]
[ext_resource path="res://Sprite/Player/Idle/Idle__004.png" type="Texture" id=34]
[ext_resource path="res://Sprite/Player/Idle/Idle__006.png" type="Texture" id=35]
[ext_resource path="res://Sprite/Player/Idle/Idle__003.png" type="Texture" id=36]
[ext_resource path="res://Sprite/Player/Slide/Slide__009.png" type="Texture" id=37]
[ext_resource path="res://Sprite/Player/Slide/Slide__005.png" type="Texture" id=38]
[ext_resource path="res://Sprite/Player/Slide/Slide__002.png" type="Texture" id=39]
[ext_resource path="res://Sprite/Player/Slide/Slide__006.png" type="Texture" id=40]

[sub_resource type="SpriteFrames" id=1]
animations = [ {
"frames": [ ExtResource( 10 ), ExtResource( 6 ), ExtResource( 24 ), ExtResource( 29 ), ExtResource( 11 ), ExtResource( 8 ), ExtResource( 9 ), ExtResource( 28 ), ExtResource( 5 ), ExtResource( 7 ) ],
"loop": true,
"name": "Run",
"speed": 5.0
}, {
"frames": [ ExtResource( 4 ), ExtResource( 16 ), ExtResource( 26 ), ExtResource( 36 ), ExtResource( 34 ), ExtResource( 2 ), ExtResource( 35 ), ExtResource( 3 ), ExtResource( 25 ), ExtResource( 27 ) ],
"loop": true,
"name": "Idle",
"speed": 5.0
}, {
"frames": [ ExtResource( 1 ), ExtResource( 22 ), ExtResource( 39 ), ExtResource( 30 ), ExtResource( 21 ), ExtResource( 38 ), ExtResource( 40 ), ExtResource( 12 ), ExtResource( 23 ), ExtResource( 37 ) ],
"loop": true,
"name": "Slide",
"speed": 5.0
}, {
"frames": [ ExtResource( 20 ), ExtResource( 32 ), ExtResource( 33 ), ExtResource( 14 ), ExtResource( 17 ), ExtResource( 13 ), ExtResource( 19 ), ExtResource( 18 ), ExtResource( 15 ) ],
"loop": false,
"name": "Jump",
"speed": 5.0
} ]

[node name="AnimatedSprite" type="AnimatedSprite"]
position = Vector2( 147.786, 14.9166 )
scale = Vector2( 0.75, 0.75 )
frames = SubResource( 1 )
animation = "Run"
frame = 9
speed_scale = 5.0
playing = true
script = ExtResource( 31 )
