[gd_scene load_steps=12 format=2]

[ext_resource path="res://Assets/dragonfly.png" type="Texture" id=1]
[ext_resource path="res://Scenes/Player.tscn" type="PackedScene" id=2]
[ext_resource path="res://Scenes/SpawnGround.tscn" type="PackedScene" id=3]
[ext_resource path="res://Scenes/Background.tscn" type="PackedScene" id=4]
[ext_resource path="res://Scenes/Attrib/ScoreTime.tscn" type="PackedScene" id=5]
[ext_resource path="res://Scripts/Medium/MainMedium.gd" type="Script" id=6]
[ext_resource path="res://Scripts/Medium/PlayerMedium.gd" type="Script" id=7]
[ext_resource path="res://Scenes/Attrib/PressEnterToStart.tscn" type="PackedScene" id=8]
[ext_resource path="res://Scenes/Attrib/DistWithTarget.tscn" type="PackedScene" id=9]

[sub_resource type="GDScript" id=1]
script/source = "extends TextureRect


# Declare member variables here. Examples:
# var a = 2
# var b = \"text\"


# Called when the node enters the scene tree for the first time.
func _ready():
	pass # Replace with function body.


# Called every frame. 'delta' is the elapsed time since the previous frame.
#func _process(delta):
#	pass
"

[sub_resource type="RectangleShape2D" id=2]
extents = Vector2( 56.0438, 58.194 )

[node name="MainMedium" type="Node2D"]
position = Vector2( 204.814, 367.232 )
script = ExtResource( 6 )

[node name="Background" parent="." instance=ExtResource( 4 )]

[node name="Label" parent="." instance=ExtResource( 8 )]
margin_right = 635.983
margin_bottom = -366.622

[node name="Player" parent="." instance=ExtResource( 2 )]
position = Vector2( -261.349, -1149.66 )
script = ExtResource( 7 )

[node name="SpawnGround" parent="." instance=ExtResource( 3 )]
position = Vector2( 1.87231, 0 )

[node name="Front" type="ParallaxBackground" parent="."]
layer = 128

[node name="Dist" parent="Front" instance=ExtResource( 9 )]
margin_left = 679.401
margin_top = 25.2438
margin_right = 679.401
margin_bottom = 25.2438

[node name="ScoreTime" parent="Front" instance=ExtResource( 5 )]

[node name="Target" type="TextureRect" parent="."]
margin_left = -361.832
margin_top = -893.398
margin_right = -161.832
margin_bottom = -693.398
texture = ExtResource( 1 )
expand = true
flip_h = true
script = SubResource( 1 )
__meta__ = {
"_edit_use_anchors_": false
}

[node name="CollisionTarget" type="Area2D" parent="."]
position = Vector2( 384.861, -276.789 )

[node name="CollisionShape2D" type="CollisionShape2D" parent="CollisionTarget"]
shape = SubResource( 2 )
[connection signal="body_entered" from="CollisionTarget" to="." method="_on_CollisionTarget_body_entered"]
