[gd_scene load_steps=11 format=2]

[ext_resource path="res://Scenes/Grounds/TileMap/SimpleStair.tscn" type="PackedScene" id=1]
[ext_resource path="res://Scripts/Ground.gd" type="Script" id=2]

[sub_resource type="RectangleShape2D" id=1]
extents = Vector2( 1796.32, 56.3525 )

[sub_resource type="RectangleShape2D" id=2]
extents = Vector2( 347.385, 56.3525 )

[sub_resource type="RectangleShape2D" id=3]
extents = Vector2( 383.93, 65.0152 )

[sub_resource type="RectangleShape2D" id=4]
extents = Vector2( 124.889, 65.7573 )

[sub_resource type="RectangleShape2D" id=5]
extents = Vector2( 120.926, 65.0152 )

[sub_resource type="RectangleShape2D" id=6]
extents = Vector2( 386.935, 65.0152 )

[sub_resource type="RectangleShape2D" id=7]
extents = Vector2( 637.48, 65.0152 )

[sub_resource type="RectangleShape2D" id=8]
extents = Vector2( 895.679, 65.0152 )

[node name="Ground" type="StaticBody2D"]
script = ExtResource( 2 )

[node name="LandCollision" type="CollisionShape2D" parent="."]
position = Vector2( 1797.58, 55.6881 )
z_index = 6
shape = SubResource( 1 )

[node name="LandCollision2" type="CollisionShape2D" parent="."]
position = Vector2( 65.0803, 460.079 )
rotation = 1.5708
z_index = 6
shape = SubResource( 2 )

[node name="LandCollision3" type="CollisionShape2D" parent="."]
position = Vector2( 768.617, -62.1236 )
z_index = 6
shape = SubResource( 3 )

[node name="LandCollision4" type="CollisionShape2D" parent="."]
position = Vector2( 768.293, -190.859 )
z_index = 6
shape = SubResource( 4 )

[node name="LandCollision5" type="CollisionShape2D" parent="."]
position = Vector2( 2430.82, -446.242 )
z_index = 6
shape = SubResource( 5 )

[node name="LandCollision6" type="CollisionShape2D" parent="."]
position = Vector2( 2437.12, -317.073 )
z_index = 6
shape = SubResource( 6 )

[node name="LandCollision7" type="CollisionShape2D" parent="."]
position = Vector2( 2431.86, -192.371 )
z_index = 6
shape = SubResource( 7 )

[node name="LandCollision8" type="CollisionShape2D" parent="."]
position = Vector2( 2426.66, -61.556 )
z_index = 6
shape = SubResource( 8 )

[node name="Node2D" parent="." instance=ExtResource( 1 )]
