[gd_scene load_steps=14 format=2]

[ext_resource path="res://addons/gamejolt_api_v2/main.gd" type="Script" id=1]
[ext_resource path="res://Scenes/Attrib/ButtonDummy.tscn" type="PackedScene" id=2]
[ext_resource path="res://Assets/Buttons/TextInput.tres" type="StyleBox" id=3]
[ext_resource path="res://Assets/Fonts/bangers-regular.ttf" type="DynamicFontData" id=4]
[ext_resource path="res://Assets/Fonts/bangers-regular-20.tres" type="DynamicFont" id=5]
[ext_resource path="res://Scripts/InputName.gd" type="Script" id=6]

[sub_resource type="StyleBoxEmpty" id=1]

[sub_resource type="StyleBoxFlat" id=2]
bg_color = Color( 0.909804, 0.678431, 0.309804, 1 )
corner_radius_top_left = 20
corner_radius_top_right = 20
corner_radius_bottom_right = 20
corner_radius_bottom_left = 20
shadow_color = Color( 0.631373, 0.466667, 0.301961, 1 )
shadow_size = 3

[sub_resource type="StyleBoxFlat" id=3]
bg_color = Color( 0.529412, 0.392157, 0.254902, 1 )
corner_radius_top_left = 10
corner_radius_top_right = 10
corner_radius_bottom_right = 10
corner_radius_bottom_left = 10

[sub_resource type="StyleBoxEmpty" id=4]

[sub_resource type="StyleBoxFlat" id=5]
bg_color = Color( 0.631373, 0.466667, 0.301961, 1 )
corner_radius_top_left = 10
corner_radius_top_right = 10
corner_radius_bottom_right = 10
corner_radius_bottom_left = 10

[sub_resource type="StyleBoxFlat" id=6]
bg_color = Color( 0.631373, 0.466667, 0.301961, 1 )
border_color = Color( 0.698039, 0.533333, 0.368627, 1 )
corner_radius_top_left = 10
corner_radius_top_right = 10
corner_radius_bottom_right = 10
corner_radius_bottom_left = 10

[sub_resource type="DynamicFont" id=7]
size = 20
font_data = ExtResource( 4 )

[node name="Control" type="Control"]
margin_right = 40.0
margin_bottom = 40.0
script = ExtResource( 6 )
__meta__ = {
"_edit_use_anchors_": false
}

[node name="NameScoreInput" type="LineEdit" parent="."]
margin_left = 347.0
margin_top = 363.0
margin_right = 579.0
margin_bottom = 393.0
custom_styles/read_only = ExtResource( 3 )
custom_styles/focus = SubResource( 1 )
custom_styles/normal = ExtResource( 3 )
custom_fonts/font = ExtResource( 5 )
custom_colors/font_color = Color( 1, 1, 1, 1 )
align = 1
placeholder_text = "your name . . ."
caret_blink = true
__meta__ = {
"_edit_use_anchors_": false
}

[node name="SubmitScoreButton" parent="." instance=ExtResource( 2 )]
anchor_top = -0.00200958
anchor_bottom = -0.00200958
margin_left = 561.029
margin_top = 363.76
margin_right = 690.029
margin_bottom = 391.76
custom_styles/hover = SubResource( 2 )
custom_styles/pressed = SubResource( 3 )
custom_styles/focus = SubResource( 4 )
custom_styles/disabled = SubResource( 5 )
custom_styles/normal = SubResource( 6 )
custom_fonts/font = SubResource( 7 )
custom_colors/font_color_disabled = Color( 1, 1, 1, 1 )
text = "submit score"

[node name="SimpleTimer" type="Timer" parent="."]
wait_time = 0.7
one_shot = true

[node name="SimpleTimer2" type="Timer" parent="."]
wait_time = 0.7
one_shot = true

[node name="RequestTimer" type="Timer" parent="."]
wait_time = 10.0
one_shot = true

[node name="GameJoltAPI" type="HTTPRequest" parent="."]
script = ExtResource( 1 )
private_key = "bd4daa000a28aeaeca26f9eb5c92bedf"
game_id = "550391"

[node name="SimpleTimer3" type="Timer" parent="."]
wait_time = 0.7
one_shot = true
[connection signal="pressed" from="SubmitScoreButton" to="." method="_on_SubmitScoreButton_pressed"]
[connection signal="timeout" from="SimpleTimer" to="." method="_on_SimpleTimer_timeout"]
[connection signal="timeout" from="SimpleTimer2" to="." method="_on_SimpleTimer2_timeout"]
[connection signal="timeout" from="RequestTimer" to="." method="_on_RequestTimer_timeout"]
[connection signal="api_scores_added" from="GameJoltAPI" to="." method="_on_GameJoltAPI_api_scores_added"]
[connection signal="timeout" from="SimpleTimer3" to="." method="_on_SimpleTimer3_timeout"]
